<?xml version="1.0" encoding="UTF-8"?><collection xmlns="http://www.loc.gov/MARC21/slim"><record><leader>00406nam--2200157-i-4500</leader><controlfield tag="001">000038357</controlfield><controlfield tag="002">20161230</controlfield><controlfield tag="005">20170122230531</controlfield><controlfield tag="008">060222s1000------------r-----000-0-eng-d</controlfield><datafield ind1=" " ind2=" " tag="080"><subfield code="a">534.536(075.8)</subfield></datafield><datafield ind1=" " ind2=" " tag="100"><subfield code="a">Recknagel, A</subfield></datafield><datafield ind1=" " ind2=" " tag="245"><subfield code="a">Physik. scheingungen und vellen. warmelehr</subfield></datafield><datafield ind1=" " ind2=" " tag="260"><subfield code="a">Berlin</subfield><subfield code="b">Veb Verlag Technik</subfield><subfield code="c">1957</subfield></datafield><datafield ind1=" " ind2=" " tag="300"><subfield code="a">356 p. + 1 Pl</subfield></datafield><datafield ind1=" " ind2=" " tag="852"><subfield code="a">4897</subfield></datafield><datafield ind1=" " ind2=" " tag="CAT"><subfield code="a">SYS</subfield><subfield code="c">20170122</subfield><subfield code="h">230531</subfield></datafield></record></collection>